<collection xmlns="http://www.loc.gov/MARC21/slim">
<record>
  <leader>00735nam0a22002051i 450 </leader>
  <controlfield tag="001">IT\ICCU\CNCE\058314</controlfield>
  <controlfield tag="005">20041022000000.0</controlfield>
  <datafield tag="100" ind1=" " ind2=" ">
    <subfield code="a">20040521d1518        0itac0103    ba</subfield>
  </datafield>
  <datafield tag="101" ind1=" " ind2=" ">
    <subfield code="a">LAT</subfield>
  </datafield>
  <datafield tag="102" ind1=" " ind2=" ">
    <subfield code="a">IT</subfield>
  </datafield>
  <datafield tag="200" ind1="1" ind2=" ">
    <subfield code="a">Psalterium</subfield>
  </datafield>
  <datafield tag="210" ind1=" " ind2=" ">
    <subfield code="e">Impressum in Monte Regali</subfield>
    <subfield code="g">per Iosephum de Berrueris</subfield>
    <subfield code="h">1518 die XXV Septemb.</subfield>
  </datafield>
  <datafield tag="215" ind1=" " ind2=" ">
    <subfield code="a">\8!, CLII, \4! c.</subfield>
    <subfield code="d">8ʻ</subfield>
  </datafield>
  <datafield tag="620" ind1=" " ind2=" ">
    <subfield code="a">IT</subfield>
    <subfield code="d">Mondov</subfield>
  </datafield>
  <datafield tag="710" ind1="0" ind2="2">
    <subfield code="a">Chiesa cattolica</subfield>
    <subfield code="3">6731</subfield>
  </datafield>
  <datafield tag="712" ind1="0" ind2="0">
    <subfield code="a">Berruerio, Giuseppe</subfield>
    <subfield code="3">IT\ICCU\CNCT\000388</subfield>
    <subfield code="4">650</subfield>
  </datafield>
  <datafield tag="791" ind1="0" ind2="0">
    <subfield code="a">Berrueris, Iosephus de</subfield>
    <subfield code="3">IT\ICCU\CNCT\004348</subfield>
    <subfield code="z">Berruerio, Giuseppe</subfield>
  </datafield>
  <datafield tag="791" ind1="0" ind2="0">
    <subfield code="a">Berrueri, Ioseph</subfield>
    <subfield code="3">IT\ICCU\CNCT\004349</subfield>
    <subfield code="z">Berruerio, Giuseppe</subfield>
  </datafield>
  <datafield tag="791" ind1="0" ind2="0">
    <subfield code="a">Berruerius, Iosephus</subfield>
    <subfield code="3">IT\ICCU\CNCT\004350</subfield>
    <subfield code="z">Berruerio, Giuseppe</subfield>
  </datafield>
  <datafield tag="801" ind1=" " ind2="3">
    <subfield code="a">IT</subfield>
    <subfield code="b">ICCU</subfield>
    <subfield code="c">20201115</subfield>
  </datafield>
</record>
</collection>
